<?xml version="1.0" encoding="UTF-8"?>
<collection xmlns:xsi="http://www.w3.org/2001/XMLSchema-instance" xsi:schemaLocation="http://www.loc.gov/MARC21/slim http://www.loc.gov/standards/marcxml/schema/MARC21slim.xsd" xmlns="http://www.loc.gov/MARC21/slim">
<record>
  <leader>01143cam a2200253 a 4500</leader>
  <controlfield tag="001">643071</controlfield>
  <controlfield tag="003">NNC</controlfield>
  <controlfield tag="005">20130423143902.0</controlfield>
  <controlfield tag="008">880421s1937    iq            001 0cara d</controlfield>
  <datafield tag="035" ind1=" " ind2=" ">
    <subfield code="a">(OCoLC)506913031</subfield>
  </datafield>
  <datafield tag="035" ind1=" " ind2=" ">
    <subfield code="a">(OCoLC)ocn506913031</subfield>
  </datafield>
  <datafield tag="035" ind1=" " ind2=" ">
    <subfield code="a">(CStRLIN)NYCG88-B28777</subfield>
  </datafield>
  <datafield tag="035" ind1=" " ind2=" ">
    <subfield code="9">ACU9890CU</subfield>
  </datafield>
  <datafield tag="035" ind1=" " ind2=" ">
    <subfield code="a">(NNC)643071</subfield>
  </datafield>
  <datafield tag="090" ind1=" " ind2=" ">
    <subfield code="a">\KBL\ \</subfield>
    <subfield code="b">.S53\1937g</subfield>
  </datafield>
  <datafield tag="100" ind1="1" ind2=" ">
    <subfield code="a">Fīrūzābādī al-Shīrāzī, Abū Isḥāq Ibrāhīm ibn ʻAlī ibn Yūsuf,</subfield>
    <subfield code="d">approximately 1003-1083.</subfield>
  </datafield>
  <datafield tag="245" ind1="1" ind2="0">
    <subfield code="a">Ṭabaqāt al-fuqahāʾ /</subfield>
    <subfield code="c">li-Abī Isḥāq al-Shīrāzī al-mutawaffá sanat 476. Wa-yalīhi Ṭabaqāt al-Shāfiʻīyah / li-Abī Bakr ibn Hidāyat Allāh al-Ḥusaybī [sic], al-mulaqqab bi-al-Muṣannif, al-mutawaffá sanat 1014.</subfield>
  </datafield>
  <datafield tag="260" ind1=" " ind2=" ">
    <subfield code="a">Baghdād :</subfield>
    <subfield code="b">al-Maktabah al-ʻArabīyah,</subfield>
    <subfield code="c">1356 [1937 or 1938]</subfield>
  </datafield>
  <datafield tag="300" ind1=" " ind2=" ">
    <subfield code="a">168, 110 p. ;</subfield>
    <subfield code="c">24 cm.</subfield>
  </datafield>
  <datafield tag="500" ind1=" " ind2=" ">
    <subfield code="a">Includes indexes.</subfield>
  </datafield>
  <datafield tag="650" ind1=" " ind2="0">
    <subfield code="a">Islamic law</subfield>
    <subfield code="v">Biography.</subfield>
  </datafield>
  <datafield tag="650" ind1=" " ind2="0">
    <subfield code="a">Shafiites</subfield>
    <subfield code="v">Biography.</subfield>
  </datafield>
  <datafield tag="700" ind1="1" ind2="2">
    <subfield code="a">Ḥusaynī, Abū Bakr ibn Hidāyat Allāh,</subfield>
    <subfield code="d">-1605 or 1606.</subfield>
    <subfield code="t">Ṭabaqāt al-Shāfiʻīyah.</subfield>
    <subfield code="f">1937.</subfield>
  </datafield>
  <datafield tag="740" ind1="0" ind2="1">
    <subfield code="a">Ṭabaqāt al-Shāfiʻīyah.</subfield>
  </datafield>
  <datafield tag="955" ind1=" " ind2=" ">
    <subfield code="b">CU18988342</subfield>
    <subfield code="d">off,glx</subfield>
    <subfield code="e">KBL .S53 1937g</subfield>
  </datafield>
</record>
</collection>